@article{grassTwostageStochasticProgramming2016,
  title = {Two-Stage Stochastic Programming in Disaster Management: {{A}} Literature Survey},
  shorttitle = {Two-Stage Stochastic Programming in Disaster Management},
  author = {Grass, Emilia and Fischer, Kathrin},
  year = {2016},
  month = dec,
  volume = {21},
  pages = {85--100},
  issn = {18767354},
  doi = {10.1016/j.sorms.2016.11.002},
  annotation = {ZSCC: 0000058},
  journal = {Surveys in Operations Research and Management Science},
  language = {en},
  number = {2}
}