@article{acimovicModelsMetricsAssess2016,
  title = {Models and Metrics to Assess Humanitarian Response Capacity},
  author = {Acimovic, Jason and Goentzel, Jarrod},
  year = {2016},
  month = jul,
  journal = {Journal of Operations Management},
  series = {Special {{Issue}} on {{Humanitarian Operations Management}}},
  volume = {45},
  pages = {11--29},
  issn = {0272-6963},
  doi = {10.1016/j.jom.2016.05.003},
  urldate = {2023-12-25},
  keywords = {Humanitarian logistics,Inventory pre-positioning,Metrics,Stockpiling}
}
