@article{guoCapacityReservationHumanitarian2023,
  title = {Capacity Reservation for Humanitarian Relief: {{A}} Logic-Based {{Benders}} Decomposition Method with Subgradient Cut},
  shorttitle = {Capacity Reservation for Humanitarian Relief},
  author = {Guo, Penghui and Zhu, Jianjun},
  year = {2023},
  month = dec,
  journal = {European Journal of Operational Research},
  volume = {311},
  number = {3},
  pages = {942--970},
  issn = {0377-2217},
  doi = {10.1016/j.ejor.2023.06.006},
  urldate = {2023-06-06},
  langid = {english},
  keywords = {Capacity reservation,Deprivation cost,favorite,Humanitarian logistics,LBBD,Two-stage stochastic programming}
}